<record><leader>00000cas a2200000 a 4500</leader><controlfield tag="001">36752609</controlfield><controlfield tag="008">970416d18951907oruwr ne      0    0eng c</controlfield><datafield ind1=" " ind2=" " tag="010"><subfield code="a">sn 96088006 </subfield></datafield><datafield ind1=" " ind2=" " tag="040"><subfield code="a">OCN</subfield><subfield code="b">eng</subfield><subfield code="c">OCN</subfield><subfield code="d">OCL</subfield><subfield code="d">OCLCQ</subfield><subfield code="d">ORU</subfield><subfield code="d">OCLCQ</subfield><subfield code="d">OCLCF</subfield><subfield code="d">OCLCO</subfield></datafield><datafield ind1=" " ind2=" " tag="042"><subfield code="a">pcc</subfield></datafield><datafield ind1=" " ind2=" " tag="043"><subfield code="a">n-us-or</subfield></datafield><datafield ind1="0" ind2="4" tag="245"><subfield code="a">The Astoria herald.</subfield></datafield><datafield ind1=" " ind2=" " tag="260"><subfield code="a">Astoria, Or. :</subfield><subfield code="b">Herald Pub. Co.</subfield></datafield><datafield ind1=" " ind2=" " tag="300"><subfield code="a">v.</subfield></datafield><datafield ind1=" " ind2=" " tag="310"><subfield code="a">Weekly</subfield></datafield><datafield ind1="1" ind2=" " tag="362"><subfield code="a">Began in 1895; ceased in 1907?</subfield></datafield><datafield ind1=" " ind2=" " tag="500"><subfield code="a">Some irregularities in numbering.</subfield></datafield><datafield ind1=" " ind2=" " tag="530"><subfield code="a">Also issued on microfilm from University of Oregon.</subfield></datafield><datafield ind1=" " ind2=" " tag="580"><subfield code="a">Continues: Sunday herald (Astoria, Or.)?</subfield></datafield><datafield ind1=" " ind2=" " tag="588"><subfield code="a">Description based on: Vol. 17, no. 2 (Jan. 13, 1900).</subfield></datafield><datafield ind1=" " ind2=" " tag="588"><subfield code="a">Latest issue consulted: Vol. 30, no. 7 (Aug. 19, 1905).</subfield></datafield><datafield ind1=" " ind2="0" tag="651"><subfield code="a">Astoria (Or.)</subfield><subfield code="v">Newspapers.</subfield></datafield><datafield ind1=" " ind2="0" tag="651"><subfield code="a">Clatsop County (Or.)</subfield><subfield code="v">Newspapers.</subfield></datafield><datafield ind1=" " ind2="7" tag="655"><subfield code="a">Newspapers.</subfield><subfield code="2">fast</subfield><subfield code="0">(OCoLC)fst01423814</subfield></datafield><datafield ind1=" " ind2="7" tag="651"><subfield code="a">Oregon</subfield><subfield code="z">Astoria.</subfield><subfield code="2">fast</subfield><subfield code="0">(OCoLC)fst01217113</subfield></datafield><datafield ind1=" " ind2="7" tag="651"><subfield code="a">Oregon</subfield><subfield code="z">Clatsop County.</subfield><subfield code="2">fast</subfield><subfield code="0">(OCoLC)fst01212951</subfield></datafield><datafield ind1=" " ind2=" " tag="752"><subfield code="a">United States</subfield><subfield code="b">Oregon</subfield><subfield code="c">Clatsop</subfield><subfield code="d">Astoria.</subfield></datafield><datafield ind1="1" ind2="0" tag="780"><subfield code="t">Sunday herald (Astoria, Or.)</subfield><subfield code="w">(DLC)sn 96088010</subfield><subfield code="w">(OCoLC)36752601</subfield></datafield></record>